% This is for your references, 

@article{ordaz2019collective,
  author  = {Ordaz-Rivas, Erick and Rodriguez-Liñan, Angel and Aguilera, Mario and Torres-Treviño, L.},
  year    = {2019},
  month   = {05},
  pages   = {},
  title   = {Collective Tasks for a Flock of Robots Using Influence Factor},
  volume  = {94},
  journal = {Journal of Intelligent \& Robotic Systems},
  doi     = {10.1007/s10846-018-0941-2}
}

@article{ordaz2021autonomous,
  author  = {Ordaz-Rivas, Erick and Rodriguez-Liñan, Angel and Torres-Treviño, L.},
  year    = {2021},
  month   = {09},
  pages   = {1-17},
  title   = {Autonomous foraging with a pack of robots based on repulsion, attraction and influence},
  volume  = {45},
  journal = {Autonomous Robots},
  doi     = {10.1007/s10514-021-09994-5}
}

@article{ordaz2021flock,
  author  = {Ordaz-Rivas, Erick and Rodriguez-Liñan, Angel and Torres-Treviño, L.},
  year    = {2021},
  month   = {02},
  pages   = {},
  title   = {Flock of Robots with Self-Cooperation for Prey-Predator Task},
  volume  = {101},
  journal = {Journal of Intelligent \& Robotic Systems},
  doi     = {10.1007/s10846-020-01283-0}
}